%%%%%%%%%%%%%%%%%%%%%%%%%%%%%%%%%%%%%%%%%%
%Copyright (C) 2018-2020  YuZJLab
%This program is free software: you can redistribute it and/or modify
%it under the terms of the GNU General Public License as published by
%the Free Software Foundation, either version 3 of the License, or
%(at your option) any later version.
%This program is distributed in the hope that it will be useful,
%but WITHOUT ANY WARRANTY; without even the implied warranty of
%MERCHANTABILITY or FITNESS FOR A PARTICULAR PURPOSE.  See the
%GNU General Public License for more details.
%You should have received a copy of the GNU General Public License
%along with this program.  If not, see <https://www.gnu.org/licenses/>.
%%%%%%%%%%%%%%%%%%%%%%%%%%%%%%%%%%%%%%%%%%
% Encoding: UTF-8
@Misc{gplzhs,
	author = {阮坤良},
	title  = {GNU通用公共许可协议},
	urldate   = {最后连接于2019年9月16日19:57:25},
	howpublished    = {\url{https://jxself.org/translations/gpl-3.zh.shtml}},
}
@Misc{fdlzht,
	author = {Samuel Chong<\url{schong2@go.pasadena.edu}>},
	title  = {GNU 自由文本授權 (繁體中文翻譯版)},
	urldate   = {最后连接于2019年9月24日12:41:52},
	howpublished    = {\url{https://www.chinasona.org/gnu/gnufdl-v13-tc.html}},
}
@Misc{gnum,
  author = {Richard Stallman, et al.},
  title  = {{GNU宣言}},
  year   = {1985},
  urldate   = {最后连接于2019年06月20日17:26:58},
  howpublished    = {\url{http://www.gnu.org/gnu/manifesto.zh-cn.html}},
}